@online{arb,
    title = {The arb library},
    author = {Fredrik Johansson},
    year = {2016},
    url = {https://fredrikj.net/arb/},
    addendum = {Website online February 2022}
}
