@online{odeint,
    title = {The odeint library},
    author = {Karsten Ahnert and Mario Mulansky},
    year = {2009},
    url = {http://headmyshoulder.github.io/odeint-v2/index.html},
    addendum = {Website online February 2022}
}
@online{wikidipole,
    title = {wikidia on the Dipole model},
    author = {community},
    year = {2022},
    url = {https://en.wikipedia.org/wiki/Dipole_model_of_the_Earth%27s_magnetic_fiel://en.wikipedia.org/wiki/Dipole_model_of_the_Earth%27s_magnetic_field},
    addendum = {Website online February 2022}
}
@book{griff,
    title = {Introduction to Electrodynamics},
    author = {D. J. Griffiths},
    edition = {4},
    year = {(2017)},
    publisher = {Cambridge University Press},
}
